1864 3204
715 133 796 185 De
823 128 1045 183 Nomine.
1511 131 1578 187 79

183 275 309 340 diae,
341 277 388 339 b,
409 297 471 347 g,
498 277 551 337 d,
581 283 853 326 mutantur
884 270 938 322 in
973 266 1213 321 duriores
1243 263 1332 316 seu
1358 268 1580 314 tenues·
1560 295 1582 324 ‚

183 361 372 430 easque
401 359 660 428 dupliceS,
681 369 764 428 pp,
792 375 857 419 cc,
883 363 944 406 tt.

259 443 346 495 Β
333 462 385 495 ¹11
408 455 497 515 pp
524 462 586 495 0·
637 442 763 512 aya,
791 436 1164 511 cxffblyppach
1191 427 1517 505 cyffilyppcff·

261 515 365 579 Sed
405 545 511 579 non
551 527 791 596 semper:
832 522 1029 575 dicitur
1064 517 1207 571 enim
1244 511 1527 588 cvfflybach
1550 526 1588 581 3)

189 611 327 682 caff
339 611 500 665 leban.

268 696 356 749 G·
343 716 398 749 m
422 717 490 761 cc,
518 696 682 766 tebyg,
710 690 980 763 tebyccach,
1007 688 1106 760 qs.-
1146 697 1247 759 teg,
1275 682 1485 747 teccach,
1511 678 1588 751 qs.

262 780 481 833 Dicitur
508 791 687 833 tamen
714 776 910 847 tegach,

334 865 509 934 Digon
533 885 566 915 a
591 860 872 914 ddwedai'
876 878 911 910 n
936 856 1145 927 degach,

334 949 389 1000 A
412 947 647 998 harddai’
652 965 680 996 r
702 943 851 1014 byd
818 964 851 994 a
870 942 1030 1005 rhqdd
1053 940 1196 992 bach.
1245 938 1297 991 S.
1320 937 1391 989 Τ.

265 1033 321 1084 D
369 1030 424 1083 in
471 1040 534 1096 tt,
583 1028 754 1092 rhaid‚
791 1025 1072 1090 rheittiach,
1112 1022 1209 1094 af.-
1253 1021 1404 1087 rhad,
1447 1020 1593 1072 rhat-

193 1118 327 1181 tach,
355 1116 433 1186 qf.

267 1200 375 1253 Sed
410 1199 560 1251 finita
597 1197 652 1250 in
686 1196 736 1261 b,
766 1216 826 1268 g,
852 1196 905 1266 d,
934 1160 1138 1247 veteres
1174 1190 1474 1244 scribebant
1505 1205 1598 1259 per

191 1297 247 1358 p,
275 1305 317 1350 c,
343 1295 382 1350 t,
414 1283 655 1355 cgffiegyp,
697 1279 847 1351 tebyc,
892 1279 1048 1333 rhait.
1110 1279 1183 1330 Et
1222 1277 1288 1328 fic
1325 1274 1462 1326 inter
1495 1290 1595 1331 au

193 1369 435 1441 gendum
462 1367 802 1438 duplicantur
834 1364 1025 1417 eodem
1053 1361 1217 1414 modo
1241 1377 1351 1431 quo
1378 1357 1599 1428 reliquae

195 1451 457 1522 fimplices
481 1448 834 1503 consonantes
859 1441 1060 1511 finaleS,
1083 1446 1197 1516 post
1221 1442 1462 1497 vocalem
1490 1458 1600 1505 non

194 1535 436 1607 longam,
461 1545 522 1595 ut
544 1544 718 1597 trwm,
746 1532 1038 1601 ίῃιηυηαεί),
1062 1530 1137 1600 (gf,
1181 1528 1343 1598 Tynn,
1347 1525 1599 1596 symmach,

198 1620 275 1690 qs.
325 1619 416 1682 At
426 1630 454 1668 Y
464 1619 616 1689 glan
637 1617 884 1687 ghuach,
904 1614 1166 1686 glanaf.
1349 1661 1352 1664 ,

273 1702 608 1773 Superlativa
635 1711 816 1753 autem
845 1697 1120 1752 scribenda
1144 1670 1244 1750 effe
1268 1714 1361 1767 per
1385 1694 1462 1765 af,
1489 1711 1600 1746 non
1667 1684 1669 1686 ’

197 1805 291 1858 per
333 1807 386 1851 a,
437 1791 523 1856 (ut
567 1784 815 1839 nonnulli
859 1781 1240 1856 imperitiffime
1277 1778 1594 1845 existimant)

197 1871 395 1923 docent

275 1971 325 2006 1.
358 1952 628 2018 Deducta,
673 1942 964 2024 hgnqfiaid,
1008 1936 1309 2023 eithafoedd,
1345 1948 1600 2023 gorucba·

175 2037 383 2111 fiaeth:

274 2138 325 2174 2.
367 2122 648 2172 Poetarum
684 2101 1002 2185 authoritas,
1028 2120 1125 2192 qui
1159 2117 1600 2190 ipsumfapoco-

201 2222 323 2275 pare
364 2221 636 2272 nunquam
684 2203 776 2254 fibi
814 2201 975 2256 licere
1023 2203 1342 2268 existimant,
1385 2201 1477 2254 nifi
1523 2200 1604 2254 se·

112 2283 113 2286 ¹
199 2297 399 2358 quente
439 2286 518 2339 vel
564 2285 811 2350 consona,
859 2286 940 2339 vel
979 2286 1240 2359 ejusmodi
1275 2285 1445 2339 vocali
1481 2303 1606 2357 quae

202 2390 309 2424 una
350 2389 475 2423 cum
521 2370 632 2441 ipso
669 2391 723 2436 a,
759 2372 872 2440 post
907 2389 1181 2443 apocopen
1213 2370 1418 2436 reliao,
1443 2370 1603 2443 diph-

201 2455 471 2527 thongum
498 2457 649 2526 poffit
674 2456 1024 2520 constituere:
1066 2457 1264 2530 quaevis
1289 2458 1432 2524 enim
1467 2475 1601 2511 con-

201 2539 327 2591 sona
345 2539 431 2609 ipfi
448 2559 481 2591 a
498 2538 721 2610 adjecta,
742 2539 995 2611 syllabam
1024 2541 1292 2613 integram
1311 2541 1602 2596 constituit.

272 2639 328 2690 3.
371 2623 863 2676 Grammaticorum
890 2625 1098 2696 regula,
1122 2625 1329 2678 literam
1347 2626 1403 2697 s
1418 2626 1473 2679 in
1501 2627 1604 2694 fine

203 2705 475 2772 ἀίἑὶίοηίε,
511 2709 627 2791 *post
668 2708 932 2774 vocalem,
970 2710 1138 2764 tribus
1177 2710 1233 2762 in
1275 2710 1408 2765 locis
1447 2709 1603 2765 scribi

581 2830 604 2861 Υ
634 2825 716 2865 Hic
735 2825 885 2866 vocalis
900 2828 955 2865 est
972 2826 1108 2880 longa.
1154 2828 1229 2869 Ed.

856 2896 891 2932 Ε
913 2895 951 2945 4
