1864 3204
273 117 375 170 124
674 102 756 156 De
786 100 953 154 Verbis
975 101 1270 159 Anomalis'..

266 288 269 289 γ
338 242 594 312 Dybuant
619 242 637 294 i
654 244 773 314 gyd
792 243 860 295 i'r
884 266 953 297 un
977 246 1170 316 orfidd,

335 327 373 380 I
390 327 528 398 Frqfi
550 337 605 379 at
631 328 825 380 Ddewz'
848 330 953 382 dda
978 329 1280 400 eifuchedd.
1323 333 1393 384 G.
1419 333 1482 386 B.

336 412 657 482 Dyddeuant
680 422 848 464 attaw
872 434 906 464 a
929 408 1127 467 ddotter
1147 434 1237 486 ym
1259 417 1422 480 medd,

336 495 591 565 D3’bw)f
601 496 694 547 o’m
719 498 999 563 camwedd,
1023 499 1172 550 Duw
1198 500 1298 550 a’m
1319 519 1527 570 cymmer

336 578 491 650 Dybo
518 580 604 631 i'm
629 578 817 651 drssyd
837 601 925 652 qyn
946 583 1081 653 pryd
1093 585 1308 656 pryder.
1348 583 1437 638 Ll.
1459 585 1519 637 F.

265 663 365 714 Pro
390 663 594 728 deuant,
621 662 830 734 deley‘}
858 664 986 718 delo.

333 747 408 799 Et
431 746 672 816 dothwyf
684 764 780 817 pro
801 749 1050 818 daethym,

333 831 390 886 A
397 831 493 882 tteb
517 852 549 882 a
569 831 756 902 ganas
766 853 799 883 a
817 833 1060 905 ganwyf}
1084 830 1366 904 Arglwydt
1366 834 1409 899 l,

335 913 627 986 Erggywfi
648 934 740 966 can
763 915 1012 986 dothwyfi
1052 915 1272 988 Cyndd.

261 1000 334 1052 Et
354 1000 672 1070 gwnedq'yw
696 1018 791 1070 pro
809 1001 1080 1071 gwnaeth,

332 1082 515 1153 Llwsr
538 1103 570 1134 a
593 1081 826 1154 rhyfedd
826 1103 873 1152 y
892 1084 1222 1155 gwnedcgyw.
1261 1079 1337 1137 D.
1360 1077 1433 1138 G.

334 1167 410 1218 Di
431 1166 744 1237 ymmynedd
764 1167 853 1218 i'm
869 1167 1206 1238 gwnedcg'yw.
1245 1168 1320 1220 D.
1341 1168 1414 1221 G.

259 1252 331 1309 Et
348 1251 715 1322 gwnaddoedd
735 1269 828 1322 pro
844 1253 1116 1322 gwnaeth‚

328 1334 454 1403 Llys
469 1335 624 1406 gwin
649 1354 709 1386 ac
732 1354 856 1405 emys
882 1336 1271 1406 ddigammoedd
1285 1335 1484 1408 ggllid‚

335 1420 439 1471 Och
458 1419 588 1491 golli
611 1419 686 1471 a'i
707 1420 1087 1490 gwnaddoedd.
1137 1420 1210 1474 D.
1237 1421 1310 1474 G.

259 1504 333 1555 Et
351 1523 539 1574 gorug,
568 1511 622 1555 et
641 1521 818 1574 gorea,

329 1588 405 1639 Ei
429 1608 605 1658 wayw
631 1607 664 1638 a
687 1606 799 1640 oreu
807 1608 889 1660 yn
914 1588 1045 1639 ddeu
1070 1589 1281 1641 hanner.
1327 1589 1389 1640 E.
1415 1590 1488 1642 G.

331 1672 521 1743 ngr
546 1673 596 1724 α’
600 1693 636 1724 n
651 1692 807 1744 gorea
826 1674 1042 1726 maddeu
1066 1674 1235 1726 medd·
1244 1675 1423 1729 dawd.
1462 1676 1523 1730 E.
1550 1676 1622 1728 G.

257 1758 329 1809 Et
345 1756 520 1828 ngffu

327 1842 506 1912 Efyn
533 1840 690 1911 llwyr
712 1863 745 1893 a
751 1843 804 1893 ’n
822 1862 998 1914 gwyr,
1025 1843 1149 1912 qfa’
1153 1865 1187 1896 n
1206 1844 1379 1915 gorsa,

329 1925 422 1996 Es
427 1945 583 1997 goreu
600 1927 903 1997 gorwyrain
928 1927 1064 1997 asu
1114 1929 1178 1981 E.
1200 1929 1256 1981 S.

257 2012 331 2063 Et
349 2009 705 2082 gwneddwyf
715 2028 810 2080 pro
827 2013 1178 2082 gwnaetkym,

326 2095 513 2165 Prydu
536 2095 631 2146 i'th
657 2095 814 2146 wedd
835 2116 868 2146 a
892 2087 1213 2167 wneddwyf,

329 2178 570 2249 Pridyw
588 2180 633 2230 ’r
638 2179 852 2253 swydd,
872 2181 1126 2251 pryderus
1151 2179 1280 2251 wyf.
1326 2181 1401 2233 D.
1427 2181 1498 2234 G.

328 2263 445 2328 Eis,
490 2263 614 2328 dois,
643 2264 866 2334 gwneis,
911 2264 1155 2316 secundae
1193 2265 1424 2335 personae
1462 2278 1520 2318 et
1555 2263 1659 2335 ess,

255 2345 396 2420 dost,
428 2345 664 2418 gwness,
694 2346 866 2399 tertiae
893 2347 1167 2418 singularis
1190 2370 1206 2411 3
1243 2348 1659 2402 balbutientium

256 2447 544 2500 puerorum
589 2447 733 2482 mera
775 2429 896 2482 sunt
931 2431 1234 2498 barbaries3
1276 2432 1380 2483 hoc
1411 2431 1522 2484 solo
1556 2451 1656 2485 no-

256 2512 405 2564 mine
443 2512 608 2584 digna
643 2531 763 2584 quae
807 2513 948 2566 inter
992 2515 1356 2568 Grammatica
1393 2529 1660 2588 praecepta

255 2604 643 2660 memorentur,
684 2615 793 2667 quo
831 2597 1208 2651 nonnullorum
1249 2599 1467 2669 puerilis
1503 2599 1657 2652 dam-

257 2689 415 2731 netur
450 2678 732 2749 imperitia.
793 2677 976 2733 Nemo
1002 2700 1235 2753 unquam
1262 2694 1539 2754 poetarum
1563 2695 1658 2737 aut

257 2774 527 2818 oratorum
556 2764 640 2817 his
665 2764 744 2818 uti
770 2765 922 2818 ausus
952 2767 1045 2819 est.
