1864 3204
577 150 814 219 Syntaxis
839 148 1129 204 Nominum.
1461 151 1555 220 163
1657 223 1666 229 ‚—

151 291 339 344 llawer
382 312 407 344 0
446 312 579 364 wyr,
621 313 756 363 mwy
797 311 821 344 ο
865 294 1031 364 dagysc,
1071 291 1327 364 cgfoethog
1374 311 1399 343 0
1437 292 1561 356 dda,

149 375 366 448 teilwng
392 397 416 430 ο
444 378 765 448 anrhydedd.
911 437 915 442 ,

221 462 476 513 Occurrit
503 460 851 532 discrepantia
883 461 1096 532 generis
1130 479 1251 512 cum
1289 458 1427 510 inter
1463 457 1561 510 ad-

59 550 64 559 '
138 542 403 614 je6tivum
432 546 792 615 praepofitum,
821 555 875 596 et
907 545 1130 614 sequens
1157 542 1562 606 substantivum,

148 628 296 680 venit
326 629 432 681 alia
465 648 584 695 vox,
616 649 784 681 mawr
823 628 867 680 ei
903 628 1054 693 lla-w,
1090 648 1253 701 gwyn
1288 627 1331 679 ei
1371 626 1560 690 throed,

150 732 320 763 mawr-
358 713 402 763 ei
430 714 583 784 plan,
611 722 693 783 teg
728 712 771 765 ei
807 712 1016 784 llygad‚
1043 714 1176 783 rhag
1201 710 1363 763 tecced
1383 710 1426 761 ei
1451 709 1562 780 lly-

142 797 274 866 gad,
295 795 538 867 gldnyw
565 796 821 867 dyssrch.

225 880 521 951 Usurpatur
545 891 724 933 autem
754 881 874 934 haec
894 879 1231 953 synecdoche
1253 887 1308 932 et
1335 877 1438 930 fine
1462 895 1560 949 ge-

91 957 97 965 ⁴
151 963 290 1016 neris
315 963 679 1034 discrepantia,
709 975 787 1029 ut,

295 1048 430 1100 Twn
454 1049 498 1100 ei
524 1049 635 1113 bar,
658 1049 812 1121 draig
839 1069 1029 1101 anwar
1052 1050 1206 1114 drud,

295 1133 498 1184 Didwn
525 1133 568 1184 ei
593 1132 796 1203 air‚fel
819 1134 954 1186 crair
976 1135 1106 1187 cred.
1159 1136 1216 1186 P.
1238 1134 1306 1186 Β.

223 1216 311 1269 Sic
337 1217 477 1286 apud
505 1218 652 1269 Heb.
680 1219 752 1270 est
778 1217 1126 1289 discrepantia
1149 1215 1384 1289 generiS,
1411 1215 1567 1269 cibus

150 1299 265 1370 ejus
293 1301 361 1351 est
388 1300 652 1371 opimum,
682 1302 854 1353 Abac.
881 1301 918 1354 i.
945 1304 1030 1355 1¹6.
1060 1301 1214 1374 cujus
1239 1301 1444 1372 pingue
1470 1317 1564 1370 pa·

149 1384 233 1437 nis
274 1385 409 1456 ejm,
451 1386 593 1438 Gen.
626 1384 754 1437 xlix.
788 1402 873 1439 20.
914 1397 969 1439 et
1006 1387 1150 1457 apud
1189 1388 1409 1439 Graecos
1457 1385 1567 1457 ἱερὸν

148 1471 296 1537 βελῆ.
361 1471 432 1522 Et
457 1458 599 1541 apud
624 1473 745 1523 Lat.
763 1470 917 1523 -fama
943 1472 1168 1525 malum.

222 1554 494 1607 Britannis
530 1554 802 1626 elegantia
825 1556 896 1608 est
923 1557 1072 1608 Heb.
1098 1575 1248 1609 more
1283 1555 1566 1609 substanti-

151 1657 277 1690 vum
318 1657 445 1691 cum
487 1639 852 1710 praepofitione
891 1641 1292 1713 periphrasticos
1329 1659 1426 1712 pro
1468 1636 1563 1693 adss

141 1722 348 1794 jeeiivo
373 1739 588 1792 ponere,
610 1732 690 1787 ut,

225 1806 427 1859 Omnes
471 1805 647 1857 bestiae
684 1805 740 1856 in
777 1804 942 1876 sylva,
987 1807 1072 1860 Es.
1099 1806 1227 1859 xlvi.
1256 1825 1307 1877 9.
1352 1825 1422 1878 yr
1461 1805 1571 1859 holl

154 1889 448 1959 ang'feiliaid
474 1906 548 1958 yn
578 1907 617 1959 3²
645 1890 760 1941 coed
776 1910 794 1941 .·
833 1889 920 1941 leo
953 1890 1021 1942 de
1062 1890 1226 1962 sylva,
1254 1892 1366 1943 Jer.
1396 1909 1447 1943 v.
1482 1891 1565 1945 26.

150 1988 189 2044 3³
231 1971 355 2024 llew
400 1974 475 2024 o'r-
515 1973 666 2024 coed:
713 1991 839 2043 aper
880 1973 948 2026 de
986 1973 1147 2045 sylva,
1193 1975 1268 2027 Ps.
1297 1975 1444 2027 lxxx.
1479 1991 1564 2039 14.

153 2074 191 2127 3²
221 2056 388 2108 baedd
406 2055 480 2108 o’r
506 2056 622 2107 coed
638 2075 656 2105 .·
694 2056 1017 2109 consiliarius
1043 2076 1164 2109 cum
1201 2057 1499 2122 intellefflu,
1527 2058 1565 2110 i.

154 2139 486 2212 intelligenS,
518 2157 540 2191 1
567 2141 680 2194 Par.
701 2141 841 2194 xxvi.
867 2159 951 2208 14.
993 2143 1306 2213 cynghorwr
1344 2143 1377 2193 ἂ
1409 2162 1566 2213 gwy-

158 2227 380 2291 bodoeth,
406 2225 601 2278 deallus
620 2248 637 2279 .·
665 2227 954 2299 aenigmata
973 2230 1039 2280 ab
1067 2229 1406 2300 antiquitate,
1438 2229 1494 2280 h.
1517 2247 1567 2280 e.

155 2311 394 2380 antiqua,
439 2311 519 2364 Ps.
558 2311 763 2381 lxxviii.
805 2329 861 2365 2.-
907 2313 1203 2384 damhegion
1236 2314 1311 2364 o'r
1346 2312 1568 2382 cyrgfyd:

150 2414 279 2465 gwr
327 2395 402 2446 o'r
444 2396 688 2465 myrgydd,
741 2414 835 2466 pro
883 2396 1177 2468 mynyddig
1205 2417 1220 2447 .·
1285 2398 1444 2448 merch
1494 2398 1572 2449 o'r

155 2478 322 2542 wlad,
351 2496 444 2548 pro
469 2479 682 2549 wledig.
1587 2539 1590 2542 ,

226 2563 348 2614 Nec
386 2562 655 2614 invenuste
697 2562 964 2628 adverbia,
1009 2563 1363 2616 Hebraeorum
1399 2582 1568 2629 more,

155 2649 280 2702 loco
313 2648 698 2719 adjeffivorum
733 2662 1024 2721 ponuntur,
1051 2659 1133 2713 ut,
1160 2667 1227 2701 ne
1254 2649 1315 2701 fis
1349 2659 1570 2713 temere,

160 2733 314 2785 prov,
352 2732 497 2784 xxiv.
536 2735 586 2785 8.
638 2753 706 2785 na
730 2734 878 2803 fydd
914 2752 990 2804 yn
1027 2733 1190 2784 ehad.-
1230 2731 1569 2802 sepulchrum

158 2818 315 2885 infra,
344 2821 497 2872 Prov.
526 2839 611 2872 xv,
642 2835 729 2885 24.
782 2820 951 2892 zffirn
994 2820 1108 2890 obrjy
1130 2840 1146 2870 .·
1186 2819 1433 2872 homines
1472 2837 1568 2891 pa-

159 2922 300 2969 rum,
330 2904 366 2957 i.
395 2907 573 2978 pauci,
602 2903 749 2958 heb.
775 2905 829 2957 ii.
860 2921 939 2961 12.
974 2905 1197 2976 ychydir
1222 2923 1354 2974 wyr.
