1864 3204
241 145 313 206 52
776 142 862 193 De'
884 138 1114 191 No'mine.

240 279 346 345 dae,
373 271 463 334 sed
502 300 635 353 quas
666 278 870 353 linguae
908 279 1162 352 cujusque
1191 284 1379 329 natura
1404 274 1649 346 postulat,

241 365 539 420 'retinendae
565 366 703 420 sunt.
1602 358 1606 361 ¹

816 448 1085 512 Numerus.

313 547 544 601 Numeri
571 547 698 612 du0,
727 546 1003 619 fingularis
1028 555 1084 597 et
1109 542 1346 615 pluralis.

313 632 478 685 Duali
524 651 749 685 numero
788 633 993 684 utimur
1031 630 1084 681 in
1124 627 1380 681 membris
1417 624 1653 696 corporis

241 716 483 781 binariis,
511 715 648 788 εἶκαὶ,
676 712 929 788 dwyglust
947 737 964 765 .-
1003 710 1272 778 deudroed,
1300 711 1490 764 dealin.

318 802 424 856 Sed
459 802 547 855 hic
581 802 825 874 proprius
861 802 933 854 est
964 799 1087 853 voci
1114 797 1265 863 How,
1294 814 1505 862 manue,
1532 813 1654 867 quae

245 886 437 959 plurali
459 895 621 939 caret.

318 971 482 1025 Duali
510 970 657 1035 facit,
685 969 920 1041 dwylaw
942 988 957 1034 3
980 968 1054 1021 *et
1078 966 1286 1020 abufive
1311 965 1500 1037 dwylo.

319 1057 393 1125 Et
411 1055 706 1128 ⁴aliquando
730 1053 1070 1127 pleonastice,
1098 1049 1475 1122 dwy-ddwylo.

248 1181 333 1234 De
338 1180 648 1253 formatione
670 1179 863 1231 numeri
893 1178 947 1231 in
971 1177 1163 1230 nomine
1166 1175 1504 1248 substantivo,
1531 1173 1665 1246 quod

320 1286 554 1320 vocamus
588 1285 709 1318 enw
738 1264 953 1330 cadam,
981 1282 1152 1316 nomen
1170 1262 1314 1334 forte
1348 1259 1436 1313 vel
1452 1257 1659 1330 stabile,

250 1411 255 1414 ,
321 1355 455 1426 quod
471 1365 560 1425 per
565 1354 629 1424 se
635 1352 756 1422 stet.
1089 1339 1092 1342 ’

322 1454 642 1506 Formantur
665 1461 845 1503 autem
876 1447 1099 1521 pluralia
1129 1446 1351 1499 nomina
1373 1463 1405 1497 a
1430 1442 1661 1515 lingula-

249 1537 401 1592 ribus

397 1643 525 1674 κατα
547 1621 898 1692 προσαγωγὴν,
924 1615 1199 1670 additione
1225 1622 1457 1666 tantum.

254 1619 711 1844 vel{Mutatione
736 1713 969 1756 tantum.

399 1787 719 1861 Adjessione
745 1796 800 1839 et
823 1783 1122 1838 mutatione
1149 1747 1318 1834 fimul.

329 1873 439 1927 Sed
476 1882 599 1925 ante
638 1888 802 1942 quam
826 1868 894 1921 de
919 1868 1004 1920 his
1028 1865 1298 1938 speciatim
1333 1873 1542 1934 agatur,
1568 1861 1665 1913 sci-

258 1958 459 2012 endum
502 1957 575 2010 est
613 1953 960 2027 paragogicas
1004 1950 1121 2004 illas
1161 1946 1462 2002 additiones
1500 1945 1670 2012 varias

254 2042 362 2097 effe
410 2051 468 2095 et
510 2039 894 2110 multiplices·
937 2036 1202 2090 Definunt
1249 2032 1396 2086 enim
1446 2029 1672 2102 pluralia

260 2125 583 2200 paragogica
609 2123 664 2176 in
729 2152 732 2156 ,

315 2211 441 2276 Au,
464 2228 586 2282 quae
611 2207 855 2261 omnium
881 2203 1224 2277 copiofiffima
1245 2202 1318 2255 est
1345 2197 1673 2262 terminatiO,

254 2297 374 2362 tad
403 2295 597 2349 tadau·
581 2334 599 2360 ,
641 2292 803 2358 baich,
830 2291 1072 2344 heichiau.
1142 2289 1231 2341 Eu
1257 2298 1463 2340 veteres
1487 2301 1586 2355 pro
1606 2303 1677 2334 au

263 2382 588 2444 scribebant,
607 2390 661 2433 et
685 2379 752 2432 fic
777 2379 1024 2432 Demetae
1041 2375 1358 2447 plerumque
1377 2370 1675 2441 proferunt.

266 2467 410 2535 Quae
445 2464 748 2519 terminatio
787 2481 895 2516 non
926 2459 1180 2514 absimilis
1205 2458 1278 2510 est
1316 2456 1673 2509 Hebraeorum

260 2550 634 2605 -terminationi
659 2562 722 2603 ⁹..
740 2588 758 2614 ,
780 2548 834 2601 in
863 2546 1035 2599 forma
1060 2543 1376 2606 construssa,
1402 2551 1523 2592 ⁹7:15
1547 2549 1676 2590 ‘'vn-r.

269 2637 353 2689 Ex
370 2656 430 2688 eu
450 2634 706 2688 facillime
731 2642 888 2686 enata
911 2633 983 2685 est
1008 2630 1158 2702 vulgi
1179 2627 1336 2681 nostri
1355 2623 1677 2697 corruptiffi-

273 2730 417 2773 mam
437 2739 487 2787 ες
514 2739 548 2772 u
566 2717 710 2772 enim
731 2717 840 2789 post
856 2737 881 2769 e
903 2716 974 2768 est
993 2714 1107 2767 soni
1126 2710 1415 2779 semimuti‚
1435 2719 1491 2762 et
1509 2706 1576 2761 ad
1594 2706 1677 2759 so·

510 2856 539 2878 ¹¹¹
570 2850 831 2891 Ufitatiffima
850 2848 957 2901 apud
977 2841 1114 2900 poetas
1135 2842 1325 2885 minores.
1372 2841 1448 2882 Ed.
