1864 3204
677 151 761 204 De
787 149 1014 206 Nomine.
1483 154 1549 224 63

213 291 352 344 Item
390 288 608 343 nomina
643 289 697 343 in
733 293 938 363 rwydd,
977 292 1096 359 dra,
1122 293 1229 359 der,
1255 291 1292 360 ἱ,
1319 292 1393 359 ni,
1418 294 1554 360 weh,

140 395 251 446 wg,
278 385 387 440 ant,
415 375 562 427 awd.

198 458 548 511 Metallorum
579 457 819 523 nomina,
847 464 962 527 aar,
993 461 1164 527 arian,
1183 472 1320 540 pres,
1347 460 1554 526 baiarn,

142 540 308 606 alcun,
335 542 408 611 cl)
412 543 500 606 dn,
528 542 697 611 <sydd‚
725 541 883 611 egydr.

215 627 353 677 Item
379 625 716 678 diminutiva
710 625 998 698 pleraque.

687 824 772 875 De
803 822 1012 876 Genere.

217 964 429 1015 Genera
463 963 562 1016 tria
594 963 738 1029 sunt,
780 963 1158 1030 masculinum,
1192 963 1557 1033 foemininum,

145 1056 199 1098 et
226 1064 536 1101 commune.
617 1049 832 1100 Neutro
859 1067 1120 1113 carenam,
1149 1060 1214 1102 ut
1238 1061 1293 1101 et
1319 1051 1559 1117 Hebraei,

147 1131 243 1208 qui
303 1150 400 1203 pro
459 1152 525 1186 eo
588 1140 815 1186 utuntur
863 1131 1166 1199 foeminino,
1220 1145 1281 1187 ut
1337 1146 1562 1189 annotat

145 1215 375 1268 Hieron.
403 1216 456 1268 in
486 1217 692 1270 Eccles.
720 1232 774 1287 7.

216 1298 427 1352 Natura
452 1300 741 1354 masculina
766 1301 887 1354 sunt
911 1303 1125 1374 propria
1148 1302 1402 1369 virorum,
1432 1323 1560 1356 ven-

147 1395 348 1452 torum,
378 1387 655 1453 menfium,
683 1387 965 1454 virtutum,
995 1387 1270 1454 vitiorum,
1309 1389 1560 1442 metallo-

147 1488 287 1522 rum.
611 1525 613 1527 ,
1404 1519 1407 1521 Α

219 1555 627 1609 Terminatione
667 1557 1118 1610 masculina.sunt
1155 1558 1303 1611 finita
1340 1558 1394 1610 in
1422 1580 1498 1624 w,
1525 1559 1564 1624 i,

149 1639 354 1708 rwydd,
363 1659 466 1709 yn,
494 1641 685 1711 excipe
711 1642 864 1712 tegyn,
892 1641 932 1695 s.
954 1661 1013 1713 g.
1078 1643 1215 1694 Item
1250 1643 1484 1706 verbialia
1507 1644 1562 1695 in

150 1725 239 1788 ad,
269 1734 377 1789 ant,
405 1725 575 1790 awdr,
605 1727 756 1778 adur.

222 1809 436 1861 Natura
481 1809 759 1863 foeminina
818 1811 939 1862 sunt
999 1811 1210 1882 propria
1254 1812 1565 1877 mulierum,

148 1892 386 1959 urbium,
414 1895 707 1965 regiorum.

222 1979 629 2032 Terminatione
653 1979 932 2031 foeminina
957 1979 1076 2032 sunt
1098 1979 1390 2033 derivativa
1416 1982 1567 2034 finita

153 2061 208 2115 in
235 2083 312 2128 en,
341 2065 443 2130 ech,
471 2084 538 2128 es,
567 2065 651 2116 ell.
706 2065 850 2116 Nam
881 2064 1065 2135 castell,
1092 2066 1398 2131 castellum3
1430 2067 1566 2118 Hir-

150 2146 240 2199 zell
251 2158 296 2213 P
319 2148 575 2219 angelus·
561 2189 577 2215 ,
616 2147 794 2219 gmstll
823 2148 1114 2219 gemelluS,
1143 2168 1248 2201 non
1277 2151 1397 2202 sunt
1422 2169 1567 2205 mere

151 2232 483 2297 Britannica,
508 2243 563 2285 et
589 2233 708 2285 sunt
733 2253 807 2284 m.
831 2252 890 2304 g.

226 2317 536 2371 Quaedam
523 2337 576 2369 m
601 2320 714 2370 aeth
736 2319 855 2371 sunt
875 2317 1183 2384 masculina,
1206 2321 1567 2390 gwasanaeth,

143 2403 411 2474 pennaeth,
439 2402 656 2455 hiraeth.

225 2487 491 2542 Quaedarn
538 2486 839 2553 foeminina,
879 2486 1276 2557 Llywoclraeth,
1307 2507 1571 2559 ymmero-

153 2572 350 2636 draeth,
411 2572 773 2639 brenhiniaeth,
813 2571 1247 2644 arglwyddiaeth‚
1301 2574 1579 2644 esc'obaeth,

146 2656 528 2730 personoliaeth.

414 2843 436 2876 r
464 2839 612 2891 Angeli
634 2852 788 2881 nomen
809 2841 1036 2893 proprium,
1057 2840 1184 2881 Uriel.
1231 2841 1314 2880 Ed.
