1864 3204
252 137 354 177 202
770 122 853 174 De
878 122 1130 193 Preffodia.

253 279 394 324 rum,
434 278 498 312 ex
533 258 752 312 aliarum
794 261 1039 331 gentium
1080 261 1396 326 imitatione,
1429 263 1528 316 effe
1565 264 1651 316 in-

256 353 508 406 ventum3
550 342 728 394 scribit
753 342 816 395 R.
844 343 1033 395 Moseh
1070 344 1233 396 Shem
1266 346 1448 410 Tobh,
1483 347 1533 398 se
1567 347 1650 398 in-

255 425 432 478 cidisse
465 427 517 478 in
549 425 884 495 sepulchrum
915 428 1082 496 Regis
1106 427 1375 493 Amaziae,
1399 429 1544 498 quod
1569 430 1651 480 in·

253 509 520 579 sculptum
539 509 772 563 habebat
787 508 832 581 ej
840 527 901 562 us
916 510 1264 581 epitaphium,
1280 511 1441 583 idque
1456 512 1651 583 rhyth-

253 610 477 646 nucum.

326 678 390 727 In
427 677 692 729 Britannis
729 677 897 749 igitur
933 678 1278 744 carminibuS,
1316 689 1377 731 ut
1412 679 1465 730 in
1505 680 1653 733 Heb.

231 760 325 812 est
368 770 599 815 metrum
635 773 691 813 et
723 761 1031 834 rhythmus.
1105 763 1347 815 Mettum
1381 764 1449 815 est
1475 774 1653 815 certus

251 842 570 913 syllabarum
597 863 870 897 numerus.
947 845 1259 916 Rhythmus
1284 845 1515 900 clausula
1537 864 1652 899 cer-

254 936 372 979 tum
401 926 1023 996 syllabarum'numerum
1049 929 1356 981 terminans.
1412 930 1653 981 Metrum

254 1010 323 1061 ad
353 1010 706 1079 quantitatem
733 1032 748 1076 3
788 1012 1074 1083 rhythmus
1103 1012 1167 1064 ad
1193 1012 1504 1081 qualitatem
1538 1030 1654 1066 car-

253 1093 415 1147 minis
436 1095 656 1165 speRat.
721 1095 957 1148 Quintil.
985 1096 1078 1147 lib.
1100 1095 1172 1146 ix.
1201 1113 1250 1148 c.
1271 1112 1326 1162 4.

326 1177 413 1227 Est
461 1195 587 1228 vero
634 1177 925 1247 rhythmus
973 1178 1060 1231 vel
1104 1177 1263 1231 unius
1305 1177 1535 1249 syllabae,
1569 1178 1655 1232 vel

252 1257 501 1323 duarum,
527 1259 892 1329 congruentia.

295 1376 298 1382 -
327 1343 522 1393 Praeter
546 1341 861 1412 rhythmum
897 1350 953 1393 et
986 1350 1240 1406 metrum,
1267 1342 1658 1395 accommodati

255 1424 377 1478 sunt
415 1425 482 1476 ad
524 1424 699 1495 poefin
737 1424 871 1477 Brit.
914 1427 998 1494 (ut
1032 1435 1088 1478 et
1126 1425 1322 1494 Hebr.)
1363 1425 1524 1478 etiam
1563 1444 1655 1479 ac·

255 1518 467 1563 centus.

326 1592 407 1645 Ex
434 1590 518 1642 his
542 1599 779 1643 veterum
803 1590 1178 1643 Britannorum
1206 1591 1370 1661 poefis
1395 1590 1627 1643 constitit
1638 1611 1664 1656 3-

256 1673 456 1746 quibus
491 1675 666 1744 postea
694 1673 722 1712 b
747 1684 1061 1738 concentuS,
1099 1674 1498 1726 consonantium
1537 1692 1656 1726 cor-

255 1756 642 1828 respondentia,
669 1767 723 1812 et
761 1757 1022 1810 vocalium
1058 1757 1367 1810 dissonantia
1399 1759 1664 1822 constans,

256 1841 481 1893 accessit.
523 1843 606 1892 Ex
629 1841 680 1893 se
706 1840 846 1893 enit-n
877 1842 1078 1910 semper
1100 1841 1339 1911 pulchra,
1366 1840 1662 1893 successivis

256 1924 650 1989 acceffionibus,
671 1943 702 1976 a
722 1935 960 1994 tempore
984 1924 1037 1974 in
1063 1935 1276 1994 tempus
1302 1923 1496 1976 cultior
1519 1923 1661 1976 faeta

258 2008 349 2070 est,
395 2007 470 2059 ita
524 2017 587 2060 ut
634 2007 876 2059 omnium
926 2006 1175 2078 gentium
1229 2007 1403 2077 poefin
1451 2006 1663 2077 superet

255 2092 579 2146 Britannica.

332 2177 469 2228 Sunt
517 2176 684 2247 igitur
730 2175 904 2228 versus
951 2174 1125 2240 nostri,
1174 2184 1236 2226 ut
1285 2174 1661 2238 Hebraeorum,

262 2259 570 2330 ὁμοιόρυθμοι.
648 2260 718 2310 Et
743 2275 808 2310 ex
834 2257 1091 2331 rhythmo
1117 2257 1352 2312 Hebraeo
1377 2256 1663 2309 Britannus

259 2341 502 2414 dignosci
528 2341 714 2412 potest.
1178 2359 1189 2364 ’

333 2427 599 2479 Hebraeus
626 2424 814 2496 triplex
839 2426 932 2489 est‚‘
968 2474 972 2477 ,

337 2509 544 2560 Primus
567 2508 623 2559 fit
645 2505 1016 2578 pefffimplices
1038 2508 1310 2572 consonas,
1329 2505 1474 2558 nulla
1492 2522 1662 2575 punc-

260 2603 439 2646 torum
487 2592 748 2655 vocalium
793 2590 975 2645 habita
1017 2591 1238 2659 ratione,
1285 2590 1376 2663 qui
1419 2588 1669 2643 Hebraeis.

264 2675 605 2750 imperfectus
628 2674 847 2744 dicitur..

749 2808 765 2821 r
804 2789 825 2821 b
859 2790 928 2863 03
933 2791 1133 2843 nghanedd.
