1864 3204
132 330 269 382 Haec
303 325 685 380 Additamenta
724 343 789 378 ex
830 322 1052 378 αῑιόῗονὶς
1089 321 1409 395 autographo
1447 342 1543 377 ex·

184 413 412 485 scripta,
442 430 563 483 quae
592 428 790 463 mecum
827 408 1033 481 benigni
1071 427 1171 467 zme
1196 409 1541 462 communica-

185 492 280 550 ὐἱέ
307 497 591 568 Episcopus
617 495 966 566 Londinensts‚
991 493 1191 566 proesul
1224 494 1287 548 de
1316 494 1554 565 Ecclefia

210 581 771 635 Commo-Britannica
827 580 947 633 bene
991 579 1224 646 merituS,
1272 579 1556 652 haudqua--

208 686 367 739 quam
374 668 507 738 sunt
515 666 831 738 spernenda.
905 666 1007 718 Ed.

139 843 190 889 P.
213 848 293 901 27.
319 843 476 889 Litera
495 843 551 889 C.
588 842 638 888 K
659 840 943 903 anglicum.⁴

143 910 194 956 P.
215 919 296 970 29.
322 909 354 956 l.
375 910 422 956 6.
470 909 531 954 Et
562 908 772 954 scribunt
807 908 1050 954 Teutones
1089 904 1140 952 ch
1177 907 1260 953 ubi
1293 904 1441 968 Angli
1467 902 1554 968 gh,

342 984 395 1023 ut
419 975 557 1031 Rich,
579 974 738 1036 Right,
769 973 952 1036 Verst’eg.

143 1045 194 1092 P.
213 1050 296 1092 30.
323 1043 355 1090 1.
375 1051 455 1090 22.
502 1042 778 1088 Scribebant
802 1041 948 1087 etiam
972 1040 1128 1087 Latini
1160 1039 1338 1097 Serfus,
1366 1039 1559 1095 Corfus,

348 1126 436 1173 pro
461 1109 648 1164 Servus,
676 1109 876 1154 Corvus.

147 1182 198 1228 P.
217 1187 298 1227 38.
323 1177 357 1224 l.
385 1186 460 1236 13.
506 1177 594 1222 Pro
615 1182 671 1221 ut
694 1174 783 1236 lege
804 1182 859 1220 ut
880 1189 986 1220 nec.

149 1249 199 1295 P.
220 1255 302 1294 51.
327 1251 440 1290 note
464 1243 524 1304 (l)
575 1243 664 1288 Pro
685 1241 717 1287 1.
738 1243 768 1288 i.
798 1256 840 1287 e.
866 1248 913 1287 2.
939 1240 1149 1303 lege1.ii.
1178 1256 1222 1288 c.
1247 1249 1292 1289 1.

149 1316 199 1362 P.
220 1321 300 1362 53.
326 1312 359 1358 l.
382 1305 460 1358 11.
507 1311 627 1357 Sunt
649 1308 955 1354 et-Arabibus
975 1308 1173 1369 pluralia
1197 1309 1247 1354 in
1271 1309 1444 1357 Owna.

151 1383 202 1429 P.
222 1386 303 1428 54.
329 1380 361 1426 l.
386 1386 462 1425 15.
507 1375 670 1423 Simile
696 1375 762 1420 est
786 1375 1000 1422 Arabum
1026 1374 1208 1436 plurale
1232 1375 1282 1422 in
1305 1377 1455 1425 Aton.
1536 1401 1542 1407 ·

154 1449 204 1496 P.
224 1448 305 1495 61.
330 1446 363 1492 l.
388 1451 464 1491 10.
509 1445 568 1490 In
593 1443 770 1490 Latinis
795 1457 855 1487 au
885 1449 934 1487 et
964 1458 986 1486 0
1017 1442 1135 1488 inter
1157 1442 1204 1488 se
1229 1443 1434 1491 invicem
1458 1456 1570 1492 mu-

355 1517 547 1564 tantur3
584 1508 904 1564 Plaustellum,
930 1508 1234 1568 Plostellum;
1272 1510 1454 1558 Aulula
1486 1528 1574 1574 pro

358 1578 523 1626 ollula
538 1599 553 1636 3
592 1575 818 1622 ausculari
848 1582 898 1621 et
928 1574 1174 1622 ausculum
1195 1592 1281 1638 pro
1305 1577 1501 1625 osculari
1525 1588 1575 1627 et

362 1644 596 1699 osculum,
623 1643 737 1688 dicit
761 1642 928 1703 Fqstus.
973 1642 1321 1690 Aurichalcum
1350 1661 1436 1707 pro
1461 1647 1574 1693 Ori-

364 1711 618 1758 chalcum:
657 1715 706 1755 et
732 1724 840 1770 quae
870 1724 956 1770 per
989 1725 1048 1754 au
1082 1708 1419 1770 sen'bebantur,
1444 1729 1530 1776 per
1554 1731 1581 1760 0

363 1777 740 1840 pronunciabant
761 1782 944 1822 veteres
969 1776 1073 1823 Lat.
1105 1775 1255 1838 Quint.

163 1851 216 1898 P.
235 1847 315 1895 62.
338 1844 373 1892 l.
398 1849 475 1901 17.
524 1843 600 1890 Sic
625 1849 672 1888 et
697 1843 822 1904 apud
848 1843 1029 1888 Arabes
1053 1843 1112 1889 ab
1138 1858 1234 1889 uno
1257 1844 1322 1906 pl.
1347 1845 1582 1895 formatur

368 1911 496 1959 aliud
517 1911 576 1956 ad
599 1909 786 1971 copiam
809 1908 1054 1956 sermonis.

166 1985 217 2031 P.
238 1982 319 2029 66.
342 1980 375 2026 1.
402 1987 479 2026 15.
527 1977 703 2023 Similis
724 1976 790 2021 est
809 1976 1079 2023 terminatio
1102 1976 1199 2023 Eth
1224 1987 1253 2026 Ἰ
1281 1979 1410 2027 Heb.

166 2051 219 2097 P.
239 2049 321 2097 68.
346 2047 380 2093 l.
400 2053 448 2093 2.
496 2044 634 2090 Adde
655 2042 998 2091 Drudaniaeth.

170 2118 221 2164 P.
242 2123 325 2176 92.
350 2114 381 2162 l.
402 2120 450 2160 2.
497 2111 577 2158 Est
608 2119 659 2158 et
687 2110 923 2156 Arabibus
946 2109 1107 2157 fimilis
1139 2111 1336 2170 locutio,
1362 2113 1496 2160 Deus
1519 2116 1588 2163 est

377 2181 426 2226 in
443 2185 656 2290 petenge,
676 2179 706 2224 i.
723 2193 765 2224 e.
787 2184 982 2239 potens:
1023 2178 1126 2241 Ego
1143 2178 1250 2226 sum
1271 2181 1321 2226 in
1344 2181 1587 2239 credente,

377 2264 406 2293 1.
426 2262 469 2293 e.
495 2260 573 2291 cre
608 2260 707 2291 ens.

173 2316 295 2365 Ibid.
319 2315 354 2362 l.
379 2321 457 2361 15.
504 2313 578 2358 Sic
603 2319 654 2358 et
675 2312 876 2359 Arabes.

177 2386 227 2431 P.
252 2388 362 2440 107.
388 2381 423 2427 1.
442 2387 523 2428 25.
573 2379 650 2426 Sic
675 2379 882 2426 Arabice
906 2378 1087 2426 Modus
1118 2378 1379 2427 infinitivus
1407 2382 1590 2430 nomini

378 2446 556 2495 verbali
580 2446 684 2494 Lat.
709 2445 974 2508 respondet.

180 2519 232 2566 P.
257 2517 367 2566 186.
391 2515 525 2568 1.,26.
573 2513 647 2558 lta
677 2519 727 2559 et
759 2512 884 2574 apud
905 2514 1082 2559 Arabes
1104 2513 1394 2561 nominativo
1423 2516 1596 2579 plurali

381 2582 621 2645 eleganter
641 2580 933 2646 praeponitur
954 2581 1158 2629 verbum
1180 2580 1428 2645 singulare.
