1864 3204
764 98 1030 171 Praefatio.
1534 121 1598 177 19

198 242 342 295 euim
372 251 402 274 ¹¹¹
426 238 621 303 Caesar,
649 247 668 269 ¹¹
689 240 944 292 Druidum
978 241 1287 314 disciplinam
1314 242 1443 293 inter
1469 243 1595 295 Bri-

200 337 373 378 tannos
395 325 549 396 primo
575 333 815 395 repertam
842 325 947 394 ff,
974 335 1123 396 atque
1148 326 1262 378 inde
1285 326 1336 378 in
1370 326 1601 379 Galliam

184 410 278 481 fui
319 430 343 461 e
383 407 681 479 transsatam
701 429 716 472 3
766 407 1035 479 Gallosque
1064 409 1353 480 plerumque
1381 410 1599 461 Britan-

199 493 336 543 niam
361 491 574 564 discendi
601 491 747 560 causa
771 490 1027 563 proficisbi,
1067 491 1231 562 ibique
1269 492 1458 544 diutius
1496 513 1600 545 mo-

198 577 324 629 rari.
366 578 434 628 Et
458 574 590 628 dicit
610 587 630 610 0
651 574 853 627 Plinius
879 575 1100 646 magiam
1121 586 1223 628 tam
1243 578 1448 628 attonite
1474 577 1604 629 inter

198 660 473 712 Britannos
515 658 617 711 suis
659 657 989 729 temporibus
1031 658 1343 724 celebratam,
1392 670 1448 711 ut
1496 680 1604 712 eam

198 746 360 816 Persis
396 745 575 815 dediſje
612 743 777 795 videri
814 743 1007 814 poffint.
1080 745 1378 797 Literarum
1420 755 1603 798 autem

197 829 452 893 cultoreS‚
496 827 657 880 etiam
711 837 834 879 ante
875 829 1238 881 Romanorum
1288 827 1605 893 adveutum,

197 912 344 983 quod
370 911 589 983 quidam
616 911 719 963 aufi
746 911 868 964 sunt
884 929 1100 983 negare,
1123 909 1272 964 fuiffe
1293 911 1608 979 BritannOS,

198 996 283 1051 vel
319 996 449 1049 hinc
485 993 676 1066 liquet,
703 995 847 1066 quod
878 995 1045 1048 literis
1075 995 1280 1048 Graecis
1307 1007 1438 1048 tunc
1462 1006 1608 1048 tem-

199 1079 344 1150 poris
382 1081 690 1144 utebantur,
729 1078 877 1150 quod
914 1096 980 1131 ex
1018 1078 1222 1131 Caesare
1249 1097 1356 1131 non
1384 1079 1610 1132 obscure

197 1162 386 1234 colligi
412 1163 603 1234 potest,
626 1181 852 1233 quarum
874 1162 1036 1216 etiam
1058 1181 1200 1216 nunc
1221 1161 1359 1215 clara
1374 1162 1609 1216 retinent

197 1247 433 1318 vestigia.
509 1249 685 1300 Immo
729 1247 942 1318 colligit
983 1254 1003 1281 ¹'
1027 1246 1242 1300 Annius
1277 1247 1611 1302 Viterbenfis

198 1349 266 1385 ex
293 1331 518 1397 Caesare,
546 1338 567 1369 ‘¹
586 1332 965 1404 Xenophonte,
986 1337 1002 1359 ¹
1027 1330 1389 1397 ArchilochO,
1415 1340 1426 1354 '⁴
1449 1331 1609 1385 Jose-.

198 1414 330 1489 pho,
353 1413 552 1468 Graecos
567 1435 663 1468 non
678 1436 711 1467 a
733 1415 938 1479 Cadmo,
946 1416 1049 1487 sed
1070 1435 1103 1466 a
1132 1414 1282 1466 Celtis
1288 1417 1387 1484 seu
1411 1414 1605 1481 Gallis,

200 1498 373 1551 literas
417 1500 660 1577 accepisti,
711 1499 890 1552 Gallos
931 1520 965 1552 a
1010 1499 1239 1552 Samotbe
1280 1499 1423 1553 Dite.
1499 1498 1618 1556 Μῦς

201 1581 446 1652 diffitetur
462 1585 476 1609 ⁸
499 1584 828 1649 CamdenuS,
857 1584 1026 1636 immo
1055 1582 1075 1604 ¹²
1096 1594 1240 1636 extra
1265 1584 1469 1636 dubium
1486 1583 1615 1655 poni-

196 1668 326 1739 P‘ffi
346 1666 502 1733 dicit,
524 1668 877 1740 antiquiffimos
892 1668 1121 1733 Graecos,
1149 1668 1279 1720 inter
1304 1667 1609 1740 longinquas

200 1769 327 1821 quas
350 1762 638 1821 aeceperunt
655 1753 1099 1825 peregrinationes,
1120 1752 1332 1822 nostram
1351 1755 1500 1806 etiam
1521 1754 1604 1806 in-

183 1833 359 1905 sulam
385 1834 494 1886 adii
534 1836 577 1892 ὲ.
629 1836 743 1889 Ubi
779 1835 942 1895 etiarn
967 1835 1117 1893 fuiffe
1143 1836 1384 1895 Phileam
1398 1837 1606 1891 Tauro-

249 2032 286 2058 -¹-²‘
313 2029 548 2075 Commeat.
567 2029 638 2069 lib.
657 2031 713 2070 vi.

254 2099 276 2120 ¹¹
307 2097 344 2135 A
377 2107 466 2146 rege
500 2097 787 2138 Britannorum
828 2105 971 2149 quarto
1006 2097 1172 2139 Druide-
1196 2097 1249 2137 fic
1297 2097 1513 2145 diaetam,
1548 2100 1603 2138 ait

200 2163 338 2210 Caius,
366 2164 436 2213 qui
471 2163 600 2212 rejicit
631 2166 810 2206 nominis
839 2166 1044 2207 rationem.
1071 2177 1095 2204 a
1125 2165 1255 2204 Plinio
1285 2166 1423 2204 datam
1455 2165 1528 2203 lib.
1547 2166 1602 2203 vi.

200 2241 238 2268 c.
268 2229 341 2267 ult.
377 2229 440 2267 De
457 2229 679 2269 Druidibus
699 2232 824 2271 etiam
854 2231 1031 2271 scribunt
1063 2231 1309 2278 laetamus,
1326 2232 1510 2279 Tacitus,
1531 2231 1608 2273 La-

199 2297 335 2342 atius,
357 2296 498 2334 Euseb.
519 2297 568 2335 de
588 2298 714 2348 Praep.
737 2299 892 2348 Evang.
914 2298 1079 2341 Plautus
1098 2299 1142 2338 in
1160 2298 1384 2342 Aulularia,

259 2367 279 2387 ‘¹
298 2363 394 2400 Nat.
418 2363 518 2403 Hist.
539 2363 609 2403 lib.
636 2377 742 2404 xxx.
766 2377 859 2416 cap.
884 2378 919 2405 1.

254 2432 276 2463 P
300 2430 346 2467 ln
366 2429 494 2468 Beros.
516 2430 655 2480 Antiq.
675 2431 752 2470 uh.
768 2444 809 2472 v.

254 2500 275 2530 q
297 2496 414 2534 Libro
432 2496 481 2534 de
501 2497 752 2547 AEquivocis.

255 2566 272 2588 ¹'
292 2562 350 2608 In⁴
360 2565 536 2612 epitome
555 2571 802 2614 temporum.

256 2631 272 2654 ⁸
294 2628 444 2666 Contra
462 2630 691 2681 Appionem
712 2630 1055 2679 Grammaticum.

257 2696 271 2725 t
293 2695 384 2743 Pag.
407 2708 472 2746 24.

262 2764 280 2790 υ
301 2761 392 2814 Pag.
415 2773 479 2805 ιι.
