1864 3204
725 126 994 199 Praefatio.
1500 141 1566 199 17

172 269 362 322 homine
379 290 438 321 ac
459 265 748 340 linguarum
767 270 995 320 varietas
1015 289 1031 320 .·
1058 275 1104 320 et
1105 266 1326 340 facilius
1325 268 1431 338 fibi
1450 269 1567 322 ani·-

167 354 324 406 malia
346 363 502 419 muta,
520 354 595 405 ait
614 352 967 424 Augustinus,
990 354 1136 404 etiam
1154 352 1339 423 diverfi
1350 355 1571 424 generisi,

168 457 318 509 quam
351 438 564 489 homines
605 437 916 507 diveistzrum
954 435 1260 509 linguarum,
1284 436 1567 506 sociantur.

169 521 278 573 Sedv
318 522 529 574 interim
573 522 699 573 dum
744 521 848 572 hoc
891 520 1222 591 praestiterint
1261 520 1447 572 morofi
1489 521 1570 573 isti

167 605 507 670 cormetoreS,
552 605 697 677 quod
736 605 853 657 sane
891 604 1180 675 plurimum
1222 605 1477 677 temporis
1513 615 1570 657 et

167 688 374 759 negotii
399 700 577 760 petere
605 707 710 741 non
734 688 1003 760 ignorant,
1023 687 1181 740 liceat
1200 689 1351 758 genti
1374 687 1570 760 cuique

166 771 408 843 linguam
446 774 706 844 propriam
747 772 1070 836 conservare,
1110 772 1308 837 colere,
1342 790 1527 825 ornare
1551 793 1567 824 ε

167 857 257 909 nifi
279 858 467 909 malint
486 858 686 911 interea
706 858 988 910 hominum
1010 857 1213 909 animas
1234 857 1399 910 divini
1425 855 1572 910 verbi

167 938 308 992 fame
335 941 569 994 interire.

237 1025 326 1076 Ad
353 1026 500 1078 usum
526 1025 674 1097 quod
695 1024 905 1089 attinet,
924 1022 1175 1095 cujusque
1193 1023 1266 1075 lin
1272 1043 1394 1096 guae
1413 1023 1567 1077 usum

166 1108 436 1178 duplicem
478 1109 577 1161 effe
625 1111 826 1162 constat
857 1129 872 1173 ;
925 1109 1150 1160 alterum
1194 1127 1302 1179 quo
1348 1109 1570 1180 quisque

167 1192 362 1264 cuique
388 1193 553 1247 animi
578 1193 653 1244 sui
681 1194 822 1246 sensa
847 1192 1134 1264 exprimat,
1151 1193 1372 1263 quisque
1392 1193 1570 1264 eujus-

165 1293 269 1345 que
290 1287 524 1328 mentem
546 1275 856 1347 sensumque
871 1275 1168 1346 intelligat3
1195 1286 1250 1327 et
1268 1277 1573 1342 commercia,

164 1359 466 1429 necqffitudm
469 1361 700 1434 societas,
721 1360 1023 1430 consiliorum
1040 1360 1429 1425 communicatio,
1444 1360 1574 1412 inter

160 1454 334 1514 gentes
382 1446 724 1516 corfirventur
739 1465 761 1496 .·>
815 1445 1043 1496 aiterum
1105 1443 1432 1514 praecipuum
1508 1453 1575 1504 ut

167 1528 188 1559 ¹¹
209 1546 394 1580 omnes
431 1538 620 1600 gentes
666 1527 856 1599 lingua
893 1547 997 1598 qua
1024 1528 1134 1579 nati
1160 1528 1279 1580 sunt
1304 1528 1573 1598 magnalia

166 1611 271 1664 Dei
289 1611 526 1675 audiant,
551 1630 702 1663 mens
724 1612 903 1681 divina
923 1612 1232 1664 hominibus
1258 1612 1572 1666 innotescat.

166 1695 355 1765 Atque
381 1694 490 1747 huc
515 1694 746 1765 pertinet
773 1695 782 1727 ¹
811 1694 1126 1765 linguarum,
1153 1695 1301 1746 etiam
1325 1688 1570 1766 vulgari-⁴

167 1797 269 1842 um,
304 1777 523 1841 cultura,
561 1787 618 1829 et
657 1779 1141 1830 Grammaticorum
1178 1789 1571 1849 praeceptorum

167 1860 406 1915 traditio.
481 1862 563 1912 Eo
612 1862 740 1912 enim
786 1862 967 1932 purius
1008 1882 1041 1914 a
1069 1861 1306 1932 sontibus
1346 1856 1575 1915 derivari

166 1945 342 2014 neccffi
367 1944 433 2013 cst
465 1944 672 1999 verbum
710 1945 833 2009 Dei,
872 1965 922 1999 eo
959 1944 1145 1997 clarius
1175 1945 1373 2019 populis
1411 1945 1575 2011 tradi,

168 2047 263 2100 quo
299 2028 477 2100 purior
512 2037 561 2079 et
590 2028 855 2103 perfidior
873 2029 950 2099 stt
990 2028 1282 2099 linguarum
1319 2028 1373 2079 in
1396 2029 1574 2100 quibus

169 2113 411 2175 traditur,
455 2122 501 2163 et
544 2112 596 2163 in
632 2132 757 2184 quas
793 2112 1117 2182 tranfirtur,
1163 2111 1394 2182 cognitio.
1448 2113 1506 2165 N
1509 2131 1573 2165 ec

168 2196 312 2249 enim
342 2196 559 2249 dextere
585 2206 638 2248 et
676 2195 947 2268 perspicue
983 2195 1182 2261 doceri,
1221 2215 1319 2248 nec
1356 2215 1489 2267 pura
1516 2207 1573 2250 et

169 2280 474 2351 incorrupta
511 2280 706 2333 servari
741 2281 904 2350 potest
932 2280 1175 2333 dossrina
1199 2280 1438 2344 caelestiS,
1469 2281 1576 2334 fine

168 2363 495 2436 linguarum,
521 2364 685 2417 etiam
712 2364 765 2416 in
793 2364 991 2437 quibus
1017 2363 1216 2436 populo
1237 2363 1576 2435 praedicanda

169 2448 259 2512 est,
287 2447 472 2500 studio,
498 2448 663 2500 Quod
685 2448 962 2519 superioris
980 2446 1139 2500 seculi
1159 2447 1425 2500 barbaries
1446 2465 1574 2501 cum

171 2531 435 2585 erroribus
456 2531 760 2603 conjumffli,
785 2543 839 2585 et
863 2532 1025 2605 hujus
1044 2531 1223 2598 seculi,
1240 2549 1348 2603 quo
1368 2526 1579 2608 linguae

549 2701 573 2734 Β
598 2701 689 2744 A&
710 2702 754 2742 ii.
917 2699 926 2727 ¹
950 2701 1114 2743 Junius.
