1864 3204
714 117 797 168 D'e
818 116 1074 188 Prosbdia.
1492 132 1594 190 205

267 255 408 309 Cum
433 253 693 326 rhythmo
717 255 939 310 duarum
966 256 1284 329 syllabarum
1304 277 1320 325 3
1361 265 1417 312 et
1449 258 1611 314 sonat.

195 339 405 404 Latine,

335 423 494 475 Dabo
520 423 755 488 laudem,
783 423 943 476 etiam
968 424 1195 494 gloriam

337 506 458 559 Deo
490 507 626 579 (qui)
658 507 868 561 mensus
894 508 964 560 est
989 508 1168 578 palmo
1191 508 1456 565 sublimia.

196 588 286 642 Sic
313 589 446 642 Brit.

266 672 374 724 Ein
399 673 473 724 ior
495 674 697 743 ydwyd
719 674 835 727 Sion
862 676 1170 747 waredawg

265 756 374 807 A'n
400 777 492 808 cun
515 758 743 827 emfalch
771 758 987 829 Siancyn
1010 759 1242 830 affawg.

199 838 343 892 Cum
370 840 627 910 rhythmo
654 842 872 912 fimplici
898 843 1058 895 unius
1079 841 1315 914 syllabae.
1365 854 1369 858 '
1414 835 1422 859 ⁷

268 924 342 975 Et
368 942 557 976 novem
586 924 929 996 syllabarum,
956 919 1045 992 fle,

274 1007 320 1058 Ο
344 1027 470 1058 enau
492 1007 784 1078 Addaffal
797 1009 1201 1079 gwinwydden,

272 1087 442 1141 Ytair
466 1110 591 1142 eroes
615 1111 648 1142 a
675 1091 812 1142 droes
835 1108 910 1160 yn
934 1091 1051 1143 dair
1075 1094 1206 1164 affen
1229 1111 1249 1144 .·

271 1172 528 1243 ngiail
550 1195 581 1225 α
608 1174 733 1226 oedd
755 1178 793 1226 o‘
798 1173 885 1244 gil
908 1175 953 1226 ei
975 1194 1054 1239 en,

268 1255 447 1307 Draw
472 1256 522 1306 a’
526 1256 545 1306 i
561 1256 780 1327 gwelad
798 1275 873 1326 yn
898 1257 1015 1308 dair
1031 1257 1283 1328 gwialen.

275 1338 441 1392 Quod
466 1351 844 1393 enneametron
879 1358 1130 1395 vocamus
1154 1342 1427 1413 cybydedd
1447 1363 1607 1397 naw-

204 1423 321 1475 ban.

274 1508 344 1559 Et
366 1506 551 1565 decem
577 1506 916 1578 syllabarum.

567 1603 756 1646 :mnan
792 1589 836 1645 τὶ·
871 1605 942 1661 3⁹⁸
975 1604 1094 1646 *swa-t
1128 1602 1234 1648 τη
1261 1588 1338 1647 ¹72³

640 1671 655 1728 ἰ
676 1689 865 1731 mmm
899 1687 1080 1732 nor-¹:13
1113 1691 1202 1732 mn
1237 1674 1338 1732 aba

205 1758 484 1830 Rhythmo
511 1758 732 1811 duarum
757 1759 1100 1830 syllabarum,
1118 1762 1240 1812 Lat.
1262 1759 1494 1815 charast.
1518 1759 1608 1827 fic,

276 1843 361 1894 Ve
387 1842 467 1894 col
496 1842 702 1912 gebher
727 1843 872 1893 asher
897 1842 979 1894 ein
1009 1842 1062 1894 lo
1089 1842 1387 1910 tebhunah‚

278 1927 425 1978 Halo
449 1926 526 1978 hu
552 1925 909 1979 oibbehemah
933 1923 1236 1979 beemunah
1260 1929 1278 1980 ?

207 2011 333 2071 Hoc
358 2009 449 2074 est,

282 2095 350 2145 Et
376 2093 453 2147 vir
477 2092 563 2146 cui
589 2111 697 2146 non
723 2092 772 2145 ei
802 2091 1183 2165 intelligentia,

280 2177 479 2229 Nonne
504 2177 612 2248 ipse
638 2177 766 2228 ficut
780 2175 1091 2247 jumentum
1119 2175 1173 2227 in
1203 2175 1454 2229 veritate?

208 2260 298 2313 Sic
323 2259 458 2312 Brit.

287 2343 430 2395 Gwn
455 2362 488 2394 a
511 2341 715 2410 wnaf'
741 2340 893 2392 enaid
907 2339 1038 2411 gain
1063 2338 1472 2409 enaufwyniant

287 2425 535 2478 Gweddio
563 2426 607 2474 'r
627 2424 735 2495 Iesu
754 2423 1088 2494 gwiwdduw
1112 2423 1353 2492 orezfsant,
1377 2423 1479 2475 &c-

209 2511 330 2563 Nec
356 2507 589 2560 absimile
615 2507 863 2559 Latinum
890 2505 1042 2571 illud,
1205 2505 1212 2509 ’

283 2592 340 2644 Si
367 2591 444 2643 vis
471 2590 816 2654 incolumem,
841 2589 872 2640 fi
902 2589 984 2640 vis
1003 2599 1057 2640 te
1080 2587 1301 2641 reddere
1326 2588 1529 2654 sanum,

283 2676 451 2727 Curas
476 2674 608 2725 tolle
634 2690 843 2743 grava,
869 2672 1015 2725 irasci
1042 2673 1196 2724 crede
1223 2671 1522 2744 profanum.

211 2760 297 2811 Est
340 2770 395 2812 et
436 2757 679 2811 carminis
713 2756 1061 2830 genusrapud
1097 2757 1359 2811 Hebraeos
1400 2766 1455 2809 et
1491 2754 1610 2810 Bri-
