1864 3204
242 122 310 177 14
807 114 1076 188 Praefatio.

311 245 417 298 Sed
462 245 568 298 esto
610 245 846 318 antiqua,
900 249 1101 303 incerta
1140 259 1316 304 tamen
1358 254 1429 307 est
1470 254 1633 328 hujus

236 326 438 399 linguae
480 328 880 400 orthographia,
919 343 976 384 et
1011 333 1270 386 scribendi
1307 336 1635 409 legendique

237 413 391 476 rati0‚
441 411 517 464 ait
566 431 864 484 anonymus
914 415 1089 468 nescio
1132 419 1274 488 quiS,
1322 422 1414 491 qui
1463 422 1637 476 afferit

220 498 285 568 se
310 497 438 549 inter
463 497 620 548 decem
636 497 901 568 scriptores
927 500 1261 568 Britannicos,
1294 524 1354 555 ne
1379 505 1496 557 duos
1523 506 1638 577 qui-

237 583 345 633 dem
364 581 587 633 invenire
603 582 824 652 potuff,
846 583 931 653 qui
946 586 1146 636 eandem
1153 588 1457 657 sententiam
1476 591 1638 641 eodem

236 666 394 729 mod0,
420 667 471 716 h.
499 685 540 716 e.
568 664 733 735 iffdem
760 664 915 717 literis
933 668 1210 735 scriberent
1231 691 1247 721 .·
1287 689 1392 721 non
1421 671 1635 724 interim

238 750 537 825 advertens,
564 766 661 799 nos
687 750 753 799 ab
780 749 975 800 ².annis
1013 749 1122 802 fere
1171 763 1388 804 centum
1434 755 1635 825 elapfiS,

237 833 473 904 Anglice
511 850 616 883 non
655 831 961 884 Britannice
999 831 1272 887 literarum
1313 837 1635 903 rudimenta,

235 930 293 971 et
319 917 580 969 scribendi
602 915 921 986 legendique
941 916 1199 969 rationem
1217 918 1414 972 discere
1436 921 1636 986 solitos,

236 1013 293 1054 et
318 1020 383 1054 ex
411 1000 646 1070 Anglica
662 1018 768 1051 non
788 1000 1089 1053 Britannica
1109 1002 1159 1052 in
1183 1002 1373 1055 scholis
1392 1004 1633 1059 Latinam

235 1086 477 1156 linguam
512 1083 711 1136 doceri.
774 1085 894 1154 Ego
917 1102 1041 1135 vero
1068 1085 1360 1138 constanter
1383 1087 1639 1140 affirmare

237 1168 571 1238 aufim,quod
589 1168 619 1219 fi
638 1185 796 1237 quem
819 1168 899 1220 vel
924 1168 1257 1232 Britannum,
1278 1170 1635 1242 velAnglum,

212 1253 323 1311 ,vel
365 1252 603 1315 Gallum,
652 1251 728 1303 vel
772 1251 1133 1323 cujuscunque
1177 1253 1396 1304 demum
1433 1255 1637 1326 linguae

238 1336 539 1398 hominem,
578 1335 846 1386 literarum
873 1334 1296 1387 Britannicarum
1326 1339 1634 1406 potestatem

238 1418 397 1472 semel
418 1418 650 1489 perfecte
670 1417 904 1469 docuero
925 1437 939 1481 3
970 1417 1012 1468 is
1031 1417 1227 1488 absque
1253 1419 1402 1470 omni
1427 1420 1635 1489 prorsus

237 1521 409 1556 errore
434 1512 526 1555 aut
552 1501 855 1566 titubantia,
883 1501 1139 1571 quicquid
1162 1502 1484 1568 ⁴Britannice
1507 1503 1633 1555 scri-

237 1587 395 1658 pseris
444 1586 586 1639 recte
635 1585 800 1655 leget,
851 1583 1108 1654 quicquid
1159 1584 1438 1637 dictaveris
1493 1588 1636 1639 recle

236 1672 447 1725 scribet.
507 1672 580 1722 Et
617 1669 731 1721 noti
759 1668 892 1720 mihi
918 1667 1063 1719 fuere
1089 1667 1281 1740 Angli,
1309 1669 1635 1723 Britannicae

237 1756 438 1826 linguae
458 1753 662 1825 prorsus
683 1751 874 1823 ignari,
895 1751 988 1821 qui
1003 1750 1367 1822 quodcunque
1384 1752 1632 1823 scriptum

235 1838 601 1893 Britannicum
624 1836 914 1904 (literarum
934 1834 1310 1886 tantummodo
1323 1837 1634 1906 potestatem

239 1923 440 1989 edocti)
464 1934 571 1973 tam
600 1920 850 1990 perfecte,
870 1928 1068 1989 aperte,
1088 1918 1349 1983 distinete,
1370 1919 1632 1990 legerent,

238 2018 300 2059 ut
331 2005 504 2076 quivis
543 2004 830 2055 Britannus
866 2000 1211 2071 intelligeret,
1254 2001 1634 2074 legentemque

235 2089 538 2159 intelligere
576 2086 832 2139 crederet.
906 2086 1038 2136 Tam
1085 2096 1244 2136 certae
1281 2085 1634 2157 perfectaeque

235 2174 357 2226 sunt
397 2171 551 2223 nobis
594 2168 855 2222 scribendi
900 2186 1119 2232 normae,
1156 2181 1221 2220 ut
1265 2168 1398 2220 nulli
1435 2169 1633 2223 insshac

234 2265 383 2326 parte
409 2253 659 2306 cedamus
685 2252 905 2323 linguae.
961 2250 1065 2302 Sed
1089 2252 1223 2302 bene
1249 2252 1485 2321 estquod
1508 2254 1561 2303 H
1569 2270 1631 2306 lc

235 2338 629 2409 nihilfifirium
656 2336 708 2388 in
734 2335 814 2406 isto
841 2334 1005 2386 libello
1033 2342 1364 2386 tradaturum
1390 2334 1539 2388 dicit.

307 2422 412 2475 Sed
450 2420 609 2474 toties
649 2419 979 2490 profligatUS,
1023 2417 1249 2469 ferocior
1290 2418 1345 2469 in
1392 2417 1631 2488 linguam

233 2506 459 2579 insurgit
497 2507 740 2569 Momm,
791 2517 846 2556 et
889 2503 1076 2555 rudem
1117 2503 1216 2555 effe
1256 2502 1629 2569 calumniatur,

234 2589 536 2662 nulliusque
583 2587 885 2660 elegantiae.
953 2586 1066 2639 Ubi
1111 2604 1235 2638 vero
1278 2585 1384 2638 loci
1433 2584 1634 2638 ruditas

476 2773 499 2797 2
517 2770 582 2810 Ab
603 2769 835 2809 inventione
850 2769 942 2809 artis
961 2767 1273 2822 typographicae.
1310 2765 1386 2805 Ed.
