1864 3204
533 167 1102 281 RESCRlPTUM

383 381 874 478 EDMUNDI
924 378 1285 446 PRISEI

180 544 333 587 513le
363 543 762 590 OCTOGENARII,
798 539 1206 581 ARCHIDIACONI
1236 537 1492 588 MElRlON,

462 669 519 701 IN
550 666 995 701 APPROBATloNEM
1025 662 1222 695 OPERIS.

819 747 838 757 ς

139 785 244 851 EN
266 808 353 850 duo
375 807 569 866 praeclari
587 807 777 864 linguam
797 818 1008 848 renovare
1027 802 1237 846 vetustam

139 878 315 931 Con-ati,
336 878 531 921 Senensis
551 887 597 920 et
615 877 868 921 Oxonienfis
887 873 1074 917 alumni:

139 949 287 991 Ambo
305 950 332 992 J
337 963 500 991 oannes
518 947 636 1001 dic-h,
658 946 818 989 Davisii
839 955 884 988 et
903 945 1049 998 ambo,

142 1019 357 1063 Dofitores
378 1021 523 1073 ambo,
543 1029 588 1062 et
607 1018 748 1076 patrio
769 1017 962 1060 sermone
982 1015 1125 1072 periti.

141 1092 348 1148 Corporis
368 1092 403 1134 is
423 1091 631 1144 medicus,
651 1089 846 1132 medicus
867 1086 1045 1130 coelestis
1065 1095 1111 1128 at
1129 1085 1254 1131 alter.

142 1163 264 1206 Fecit
285 1173 464 1219 uterque
485 1161 559 1204 sua
579 1159 814 1219 progressus
836 1168 929 1202 arte
951 1158 1161 1201 venustos.

142 1232 326 1276 Mitibus
346 1248 374 1275 a
392 1232 592 1276 cambris
611 1230 766 1273 merito
787 1228 1078 1273 redamandus
1098 1237 1278 1286 uterque
1297 1228 1370 1273 est.

201 1304 299 1356 Ille,
319 1303 553 1361 peregrinis
573 1303 758 1345 multum
778 1300 972 1343 versatus
993 1300 1036 1342 in
1059 1301 1160 1353 oris,

147 1377 387 1432 Antiquam
407 1375 563 1419 calami
581 1383 724 1416 mutat
745 1372 1048 1429 Cambrogena
1067 1372 1263 1415 formam.

144 1447 226 1489 Ille
245 1462 410 1489 memor
428 1446 594 1503 patriae,
622 1444 692 1487 sed
713 1443 888 1501 originis
908 1442 1149 1496 immemor,-
1171 1443 1294 1485 almae

144 1517 226 1559 Ille
244 1532 410 1559 memor
429 1516 600 1573 linguae,
627 1515 698 1557 sed
719 1513 922 1558 carminis
942 1513 1182 1556 immemor.
1222 1513 1357 1558 Unde

148 1589 301 1631 Caecos
321 1588 392 1630 ille
411 1589 546 1630 duces
565 1587 759 1629 imitatus
780 1600 866 1627 non
887 1584 1008 1627 videt
1027 1584 1190 1626 album.

147 1659 274 1700 Velle
293 1658 414 1700 suum
432 1658 673 1709 laudamus,
693 1664 739 1698 et
757 1655 1055 1712 amplexamur
1073 1669 1279 1698 amorem.

202 1730 295 1772 Hic
316 1738 481 1782 tamen,
501 1729 632 1785 idque
653 1727 786 1779 domi,
807 1726 946 1768 multo
964 1725 1232 1783 vigilantior:
1256 1726 1343 1769 imo

149 1801 245 1843 Ima
265 1800 390 1857 petit,
410 1814 611 1855 suprema
631 1798 755 1855 petit,
779 1798 1000 1854 studioque
1020 1798 1236 1855 profundo

151 1873 361 1914 Hebraeos
381 1871 538 1923 fontes,
561 1870 750 1912 tumidos
770 1868 889 1911 fimul
912 1869 1110 1911 Helladis
1131 1884 1282 1913 amnes

150 1943 318 1996 Haufit,
338 1951 382 1984 et
401 1942 502 1984 inde
522 1940 750 1997 suosjuffit
770 1949 922 1997 potare
943 1940 1191 1982 Britannos.

210 2015 296 2057 Hic
317 2015 448 2056 docet
466 2014 678 2057 obductas
698 2013 977 2054 tenebrarum
997 2012 1192 2069 spargere
1212 2012 1366 2068 nubes,

152 2085 340 2129 Romani
361 2086 526 2127 dudum
545 2099 653 2142 quas
673 2085 882 2127 induxere
903 2082 1088 2141 tyranni.

211 2156 298 2199 Hic
317 2156 448 2198 docet
467 2165 512 2197 et
531 2155 745 2198 Cambros
765 2152 974 2206 distin&e‚
995 2153 1379 2216 Grammaticeqtre

153 2228 303 2270 Verba
322 2227 454 2283 loqui,
475 2226 628 2283 linguae
650 2225 808 2268 veteris
826 2225 973 2268 radice
993 2233 1181 2281 reperta,

154 2299 388 2342 Hebraeam
411 2307 458 2340 ut
477 2297 604 2340 citius
623 2297 842 2339 valeamus
861 2294 1024 2338 discere
1042 2295 1248 2352 linguam,

156 2371 215 2412 Et
234 2370 410 2412 laudare
431 2370 579 2411 Deum
599 2368 740 2426 patrio
760 2366 955 2409 sermone
974 2367 1168 2409 volentes

156 2442 365 2483 Vivamus
386 2441 421 2484 C
428 2427 579 2484 bristo:
600 2440 669 2483 cui
689 2438 824 2497 gloria
844 2445 938 2481 tota
958 2438 1185 2484 redundet»
