1864 3204
317 190 383 231 22
870 172 1131 243 Praesatio.

314 332 475 384 nugae
497 311 654 364 utiles
669 309 767 362 effe
788 309 1027 380 poffunt3
1054 320 1109 363 et
1128 310 1354 378 fortasse,
1379 314 1502 367 Plus
1524 317 1706 368 habent

315 398 367 449 in
404 397 579 466 receffib
612 415 760 467 quam
796 394 849 445 in
868 394 1047 464 fronte
1085 397 1413 467 promittunt:
1453 400 1599 470 quod
1634 401 1707 453 est

315 480 462 532 Fabii
492 479 734 532 Oratoris
758 477 824 530 de
848 477 1119 531 literatura
1142 480 1402 551 elogium.

389 565 528 617 Cum
573 563 741 635 igitur
789 562 842 614 in
903 562 1062 634 hujus
1109 562 1309 635 linguae
1357 566 1525 619 studio
1571 566 1708 619 ultra

315 648 540 720 triginta
569 665 754 712 annOS,
793 645 1101 698 vacantibus
1137 646 1302 713 horis,
1341 648 1430 700 fim
1459 651 1705 715 versatus),

315 732 512 804 quibus
550 731 791 802 ⁵utrique
823 732 918 783 SS.
947 730 1243 783 Bibliorum
1271 732 1546 804 interpreti
1585 734 1704 785 Bri-

313 817 532 870 tannico
568 815 824 888 indignus
861 817 937 870 fui
984 818 1305 885 administer,
1330 830 1386 872 et
1410 821 1464 872 in
1489 821 1705 874 Walliae

317 901 506 973 kplaga
524 901 952 972 Septentrionali,
968 902 1209 968 Australi,
1223 905 1409 956 Media
1423 904 1534 957 sum
1552 924 1704 958 com-

315 996 553 1039 moratus
571 1006 585 1051 3
607 1004 706 1038 nec
725 985 920 1038 otiosus
936 986 1125 1039 fuerim
1142 986 1452 1040 idiomatum
1472 999 1527 1041 et
1540 988 1705 1041 diale-

317 1070 520 1122 &orum
547 1070 870 1123 observator:
898 1070 1101 1141 linguae
1127 1072 1311 1143 patriae
1337 1082 1526 1143 praeter
1540 1071 1631 1144 jus
1653 1081 1708 1125 et

314 1153 392 1207 fas
418 1153 638 1225 injurius
664 1153 763 1206 effe
790 1152 924 1205 mihi
952 1154 1171 1218 viderer,
1200 1154 1231 1206 fi
1259 1155 1472 1226 qualem
1494 1156 1704 1227 qualem

315 1238 429 1309 ejus
446 1239 555 1291 sum
577 1237 803 1308 adeptus
822 1237 1206 1309 cognitionem,
1223 1239 1425 1311 linguae
1446 1240 1710 1293 consortes

314 1323 516 1375 diutius
542 1322 796 1375 celarem:
837 1334 892 1375 et
929 1342 1051 1393 quae
1076 1334 1157 1374 tot
1181 1342 1438 1376 annorum
1463 1325 1707 1376 observa·

315 1406 482 1470 tione,
526 1406 755 1458 lec'tione
796 1405 848 1457 in
893 1406 1160 1459 chartulas
1187 1408 1440 1478 congesti,
1468 1407 1708 1478 patriotis

313 1489 662 1562 fratribusque
701 1489 1012 1558 inviderem.
1078 1491 1223 1542 ‚Meae
1251 1490 1418 1560 igitur
1443 1490 1707 1543 industriae

270 1611 273 1615 -
313 1572 476 1626 foetus
527 1572 939 1644 qualescunque,
1001 1572 1364 1643 sugillatorum
1425 1573 1709 1626 calumniis

314 1675 575 1728 exponere
594 1655 779 1719 malui,
798 1674 955 1725 quam
977 1654 1029 1705 in
1051 1668 1204 1707 utero
1222 1655 1492 1708 suffocare.
1531 1657 1707 1722 QuOS,

314 1743 391 1793 vir
414 1741 725 1805 venerande,
752 1760 877 1794 cum
904 1741 956 1793 in
983 1741 1122 1793 hanc
1137 1760 1295 1811 quam
1317 1742 1460 1794 vides
1480 1742 1704 1795 formam

309 1826 688 1896 disposuissem,
715 1843 874 1877 nemo
899 1826 1128 1877 occurrit
1155 1826 1241 1877 cui
1273 1836 1390 1878 tuto
1416 1826 1707 1878 eorundem

310 1908 570 1962 deferrem
597 1908 889 1972 censuram,
911 1911 1130 1978 quicum
1153 1908 1219 1960 de
1239 1909 1555 1980 evulgandis
1574 1927 1705 1961 con-

312 1992 480 2064 filium
502 1991 978 2057 communicarem,
1002 1996 1295 2062 (nunquam
1324 1993 1465 2045 enim
1490 1994 1709 2064 propriis

310 2077 418 2130 fido
445 2077 662 2141 viribuS,
696 2075 907 2147 proprio
944 2075 1217 2146 acquiesco
1242 2075 1473 2147 judicio)
1514 2076 1606 2128 nifi
1646 2088 1708 2129 tu

310 2144 468 2213 solus.
533 2159 809 2230 Quicquid
835 2158 1003 2232 igitur
1039 2159 1147 2212 huc
1172 2161 1418 2232 congesti,
1450 2160 1504 2212 id
1533 2170 1706 2214 totum

311 2257 407 2297 tuo
438 2243 671 2316 judicio,
714 2243 877 2307 limae,
929 2243 1131 2309 ferulae,
1180 2244 1382 2312 defero,
1432 2244 1703 2297 submitto,

307 2331 392 2382 Te
418 2328 614 2382 laboris
639 2327 999 2380 Aristarchum
1039 2327 1236 2399 delegi,
1273 2340 1333 2381 ut
1359 2347 1519 2400 quem
1545 2328 1706 2380 sciam

404 2553 472 2589 W.
493 2550 692 2600 Morgano
710 2548 782 2589 SS.
801 2550 882 2588 Th.
900 2550 955 2588 D.
967 2550 1295 2600 Cantabrigienfi,
1313 2551 1507 2601 Episcopo
1526 2552 1703 2602 primum

309 2618 570 2664 Landavenfi,
603 2619 746 2656 deinde
778 2614 1018 2667 Asaphenfi=
1055 2626 1094 2656 et
1127 2619 1216 2657 Ric.
1254 2619 1406 2659 Parraeo
1435 2618 1505 2658 SS.
1538 2619 1619 2657 Th.
1647 2620 1701 2657 D.

308 2686 446 2722 Oxon.
470 2685 662 2736 Episcopo
683 2697 794 2723 nunc
817 2684 1047 2735 Asaphenfi.

362 2763 382 2789 ¹<
406 2766 525 2814 Apud
555 2765 751 2818 Mallwyd
785 2766 836 2804 ad
861 2766 1110 2805 Ordovicum
1137 2765 1315 2805 confinia
1342 2753 1491 2806 finibus
1519 2765 1698 2805 Silurum

308 2841 505 2884 proxima.
